<?xml version="1.0" encoding="UTF-8"?><collection xmlns="http://www.loc.gov/MARC21/slim"><record><leader>00441nam--2200133-i-4500</leader><controlfield tag="001">000016244</controlfield><controlfield tag="002">20161230</controlfield><controlfield tag="005">20161230201031</controlfield><controlfield tag="008">060222s1000------------r-----000-0-eng-d</controlfield><datafield ind1=" " ind2=" " tag="080"><subfield code="a">621.039.61(043)</subfield></datafield><datafield ind1=" " ind2=" " tag="100"><subfield code="a">Antoni, Bernard</subfield></datafield><datafield ind1=" " ind2=" " tag="245"><subfield code="a">Contribution a l`etude des generateurs a compr ession de champ magnetique et de leurs commuta teurs a explosion de feuilles. these</subfield></datafield><datafield ind1=" " ind2=" " tag="260"><subfield code="a">Orsay, Universite De Paris-sud, 1974 207 P</subfield></datafield><datafield ind1=" " ind2=" " tag="852"><subfield code="a">77916</subfield></datafield></record></collection>